@mastersthesis{medeiros-etal,
	author = {F. A. Medeiros and others},
	title  = {Utilização de um veículo aéreo não-tripulado em atividades de imageamento georreferenciado},
	school = {Universidade de Santa Maria},
	year = {2007}
} 

@inbook{sloss04,
	author = {Andrew N. Sloss and Dominic Symes and Chris Wright},
	title = {ARM System Developer's Guide – Designing and Optmizing System Software},
 	publisher = {Elsevier}, 
  	year = {2004}
}

@inbook{corbet05,
	author = {Jonathan Corbet and Alessandro Rubini and Greg Kroa-Hartman}, 
	title  = {Linux Device Drivers},
	publisher = {O'Reilly},
	year = {2005}
}

@misc{costa-etal,
	author = {Fausto G. Costa and others},
	title = {The Use of Unmanned Aerial Vehicles and Wireless Sensor Network in Agricultural Applications},
	year = {2012}
}

@misc{forecast05,
	author = {Forecast International},
	title = {U{A}{V} Market to Top 13 Billion Dollars by 2014},
	year = {2005}
}

@misc{nmea,
	author = {Klaus Betke},
	title = {The {N}{M}{E}{A} 0183 Protocol},
	year = {2001}
}

@misc{leizinha,
	author = {Irani Elias Júnior and Jeferson Andris Lima Lopes and Lucas Coelho Almeida},
	title = {FGA3: Desenvolvendo novas tecnologias para impressão em 3 dimensões},
	howpublished = {\url{http://fga3d.blogspot.com.br/}},
	organization = {Universidade de Brasília}
}

@misc{video_imu,
	author = {Marcelino Monteiro de Andrade},
	title = {Medidas Inerciais com Filtro de {K}alman},
	howpublished = {\url{http://www.youtube.com/watch?v=-TribAFyjgM}},
	organization = {Universidade de Brasília}
}
